<record><leader>00000cas a22000007a 4500</leader><controlfield tag="001">8189328</controlfield><controlfield tag="008">820224d186918uunmuwr ne      0    0eng d</controlfield><datafield ind1=" " ind2=" " tag="010"><subfield code="a">sn 84022160 </subfield></datafield><datafield ind1=" " ind2=" " tag="040"><subfield code="a">IQU</subfield><subfield code="b">eng</subfield><subfield code="c">IQU</subfield><subfield code="d">NPX</subfield><subfield code="d">DLC</subfield><subfield code="d">NJW</subfield><subfield code="d">NVM</subfield><subfield code="d">CNK</subfield><subfield code="d">DLC</subfield><subfield code="d">OCLCQ</subfield><subfield code="d">DLC</subfield><subfield code="d">OCLCF</subfield><subfield code="d">DLC</subfield></datafield><datafield ind1="0" ind2=" " tag="041"><subfield code="a">engspa</subfield></datafield><datafield ind1=" " ind2=" " tag="042"><subfield code="a">msc</subfield></datafield><datafield ind1=" " ind2=" " tag="043"><subfield code="a">n-us-nm</subfield></datafield><datafield ind1="0" ind2="0" tag="050"><subfield code="a">Newspaper</subfield></datafield><datafield ind1=" " ind2=" " tag="090"><subfield code="a">AN2</subfield><subfield code="b">.W38</subfield></datafield><datafield ind1="0" ind2="0" tag="245"><subfield code="a">Santa Fe weekly post.</subfield></datafield><datafield ind1="3" ind2="0" tag="246"><subfield code="a">Post semanaria de Santa Fe</subfield></datafield><datafield ind1="3" ind2="0" tag="246"><subfield code="a">Correo de Santa Fe</subfield></datafield><datafield ind1=" " ind2=" " tag="260"><subfield code="a">Santa Fe, N.M. :</subfield><subfield code="b">A.P. Sullivan</subfield></datafield><datafield ind1=" " ind2=" " tag="300"><subfield code="a">v.</subfield></datafield><datafield ind1=" " ind2=" " tag="310"><subfield code="a">Weekly</subfield></datafield><datafield ind1="0" ind2=" " tag="362"><subfield code="a">Vol. 1, no. 1 (Oct. 2, 1869)-</subfield></datafield><datafield ind1=" " ind2=" " tag="500"><subfield code="a">Sections in Spanish: Post semanaria de Santa Fe, Oct. 2, 1869-&lt;Mar. 12, 1870&gt;; and, Correo de Santa Fe, &lt;Nov. 5, 1870-June 22, 1872&gt;.</subfield></datafield><datafield ind1=" " ind2=" " tag="530"><subfield code="a">Also on microfilm: Salt Lake City, Utah : Genealogical Society of Utah.</subfield></datafield><datafield ind1=" " ind2=" " tag="546"><subfield code="a">In English and Spanish.</subfield></datafield><datafield ind1=" " ind2="0" tag="651"><subfield code="a">Santa Fe (N.M.)</subfield><subfield code="v">Newspapers.</subfield></datafield><datafield ind1=" " ind2="0" tag="651"><subfield code="a">Santa Fe County (N.M.)</subfield><subfield code="v">Newspapers.</subfield></datafield><datafield ind1=" " ind2="7" tag="651"><subfield code="a">New Mexico</subfield><subfield code="z">Santa Fe.</subfield><subfield code="2">fast</subfield><subfield code="0">(OCoLC)fst01205208</subfield></datafield><datafield ind1=" " ind2="7" tag="651"><subfield code="a">New Mexico</subfield><subfield code="z">Santa Fe County.</subfield><subfield code="2">fast</subfield><subfield code="0">(OCoLC)fst01216898</subfield></datafield><datafield ind1=" " ind2="7" tag="655"><subfield code="a">Newspapers.</subfield><subfield code="2">fast</subfield><subfield code="0">(OCoLC)fst01423814</subfield></datafield><datafield ind1=" " ind2=" " tag="752"><subfield code="a">United States</subfield><subfield code="b">New Mexico</subfield><subfield code="c">Santa Fe</subfield><subfield code="d">Santa Fe.</subfield></datafield><datafield ind1="0" ind2="0" tag="780"><subfield code="t">Santa Fe weekly gazette (Santa Fe, N.M. : 1864)</subfield><subfield code="x">2375-7582</subfield><subfield code="w">(DLC)sn 84022168</subfield><subfield code="w">(OCoLC)10319991</subfield></datafield><datafield ind1="1" ind2=" " tag="029"><subfield code="a">AU@</subfield><subfield code="b">000025814525</subfield></datafield></record>